@inproceedings{guo2013variability,
  title={Variability-aware performance prediction: A statistical learning approach},
  author={Guo, Jianmei and Czarnecki, Krzysztof and Apel, Sven and Siegmund, Norbert and Wasowski, Andrzej},
  booktitle={Automated Software Engineering (ASE), 2013 IEEE/ACM 28th International Conference on},
  pages={301--311},
  year={2013},
  organization={IEEE}
}

@techreport{kang1990feature,
  title={Feature-oriented domain analysis (FODA) feasibility study},
  author={Kang, Kyo C and Cohen, Sholom G and Hess, James A and Novak, William E and Peterson, A Spencer},
  year={1990},
  institution={DTIC Document}
}

@article{guo2012consistency,
  title={Consistency maintenance for evolving feature models},
  author={Guo, Jianmei and Wang, Yinglin and Trinidad, Pablo and Benavides, David},
  journal={Expert Systems with Applications},
  volume={39},
  number={5},
  pages={4987--4998},
  year={2012},
  publisher={Elsevier}
}