
@INPROCEEDINGS{Zuluaga:13,
  AUTHOR =	 {M. Zuluaga and A. Krause and G.
                  Sergent and M. P{\"u}schel},
  TITLE =	 {Active Learning for Multi-Objective Optimization},
  BOOKTITLE =	 {International Conference on Machine Learning (ICML)},
  YEAR =	 2013,
  myremark =	 "PAL paper"
}


@article{krall15,
  author="J. Krall and T. Menzies and M. Davies",
  title="GALE: Geometric Active Learning for Search-Based Software Engineering",
  journal="To appear, IEEE Trans. Software Eng.",
  year=2015}
  
@article{krall15:hm,
  title="Better Model-Based Analysis of Human Factors for Safe Aircraft Approach",
  author="J. Krall and T. Menzies and M. Davies",
  journal="To appear, IEEE Transactions on  Human Machine Systems",
  year=2015}
  
  
@thesis{mcburney12,
  author="P. McBurney",
  title="Understanding Search-Based Software Engineering",
  note="Masters Thesis, Computer Science,   West Virginia University",
  year=2012
  } 


@article{mitchell1982generalization,
  title={Generalization as search},
  author={T. Mitchell},
  journal={Artificial intelligence},
  volume={18},
  number={2},
  pages={203--226},
  year={1982},
  publisher={Elsevier}
}

@article{furnkranz05,
  author =	 {J. F\"{u}rnkranz and P. Flach},
  title =	 {ROC 'n' rule learning: towards a better
                  understanding of covering algorithms},
  journal =	 {Machine Learning},
  volume =	 58,
  number =	 1,
  year =	 2005,
  issn =	 {0885-6125},
  pages =	 {39--77},
  doi =		 {http://dx.doi.org/10.1007/s10994-005-5011-x},
  publisher =	 {Kluwer Academic Publishers},
  address =	 {Hingham, MA, USA},
}


@incollection{Coello05,
year={2005},
isbn={978-3-540-24983-2},
booktitle={Evolutionary Multi-Criterion Optimization},
volume={3410},
series={Lecture Notes in Computer Science},
editor={  C. Coello  and A. Hern√°ndez Aguirre and E. Zitzler},
doi={10.1007/978-3-540-31880-4_36},
title={DEMO: Differential Evolution for Multiobjective Optimization},
url={http://dx.doi.org/10.1007/978-3-540-31880-4_36},
publisher={Springer Berlin Heidelberg},
author={T. Robic and B. Filipic},
pages={520-533},
language={English}
}


@Book{cohen95,
  Author =	 "P.R. Cohen",
  Title =	 "Empirical Methods for Artificial Intelligence",
  Publisher =	 "MIT Press",
  Year =	 1995
}  


@article{holte93,
  author =	 "R.C. Holte",
  title =	 "Very Simple Classification Rules Perform Well on
                  Most Commonly Used Datasets",
  journal =	 "Machine Learning",
  volume =	 11,
  pages =	 63,
  year =	 1993
}
@article{mccabe1976complexity,
  title={A complexity measure},
  author={T. J. McCabe},
  journal={IEEE IEEE Trans. Software Eng.},
  number={4},
  pages={308--320},
  year={1976},
  publisher={IEEE}
}
@article{deb05,
  author = {K. Deb and M. Mohan and S. Mishra},
 ee = {http://dx.doi.org/10.1162/106365605774666895},
  journal = {IEEE Trans. Evol. Comp.},
  keywords = {dblp},
  number = 4,
  pages = {501-525},
  title = {Evaluating the epsilon-Domination Based Multi-Objective Evolutionary Algorithm for a Quick Computation of Pareto-Optimal Solutions.},
  url = {http://dblp.uni-trier.de/db/journals/ec/ec13.html#DebMM05},
  volume = 13,
  year = 2005
}

@article{6600851,
Author = {K. Deb and H. Jain},
Journal = {IEEE Trans. Evol. Comp.},
Number = {99},
Pages = {1-1},
Title = {An Evolutionary Many-Objective Optimization Algorithm Using Reference-point Based Non-dominated Sorting Approach, Part I: Solving Problems with Box Constraints},
Volume = {PP},
Year = {2013},
Bdsk-Url-1 = {http://dx.doi.org/10.1109/TEVC.2013.2281535}}


@article{zhang07,
 author = {Q. Zhang and H. Li},
 title = {MOEA/D: A Multiobjective Evolutionary Algorithm Based on Decomposition},
 journal = {IEEE Trans. Evol. Comp},
 issue_date = {December 2007},
 volume = {11},
 number = {6},
 month = dec,
 year = {2007},
 issn = {1089-778X},
 pages = {712--731},
 numpages = {20},
 url = {http://dx.doi.org/10.1109/TEVC.2007.892759},
 doi = {10.1109/TEVC.2007.892759},
 acmid = {2221849},
 publisher = {IEEE Press},
 address = {Piscataway, NJ, USA},
 keywords = {Computational complexity, Pareto optimality, decomposition, evolutionary algorithm, multiobjective optimization},
} 

@article{menzies2007data,
  title={Data mining static code attributes to learn defect predictors},
  author={T. Menzies and J. Greenwald and A. Frank},
  journal={IEEE Trans. Software Eng.},
  volume={33},
  number={1},
  pages={2--13},
  year={2007},
  publisher={IEEE}
}


@Article{mccabe76,
  title =	 "A Complexity Measure",
  author =	 "T.J. McCabe",
  pages =	 "308--320",
  journal =	 "IEEE Trans. Software Eng.",
  ISSN =	 "0098-5589",
  year =	 1976,
  volume =	 2,
  month =	 dec,
  number =	 4,
}

@Book{halstead77,
  Author =	 "M.H. Halstead",
  Title =	 "Elements of Software Science",
  Publisher =	 "Elsevier ",
  Year =	 1977
}

@inproceedings{Bouktif06,
  title={Simulated annealing for improving software quality prediction},
  author = {S. Bouktif and H.Sahraoui and G. Antoniol},
  booktitle={Proceedings of the 8th annual conference on Genetic and evolutionary computation},
  pages={1893--1900},
  year={2006},
  organization={ACM}
}




@inproceedings{balogh12,
  title="Prediction of Software Development Modification Effort Enhanced by a Genetic Algorithm",
  author="G. Balogh and A. Vegh, and A. Beszedes",
   year=2012
    booktitle="Symposium on Search Based Software Engineering"
    }

@inproceedings{leGoues12,
  author    = {C. Goues and
               M. Dewey{-}Vogt and
               S. Forrest and
               W. Weimer},
  title     = {A systematic study of automated program repair: 
            Fixing 55 out of 105
               bugs for {\textdollar}8 each},
  booktitle={ICSE 12},
  pages={3--13},
  year={2012},
  organization={IEEE}
}

@inproceedings{Weimer:2009,
 author = {W. Weimer and T. Nguyen and C. Le Goues and S. Forrest},
 title = {Automatically Finding Patches Using Genetic Programming},
 booktitle = {Proceedings of the 31st International Conference on Software Engineering},
 series = {ICSE '09},
 year = {2009},
 pages = {364--374},
 publisher = {IEEE Computer Society},
} 
@ARTICLE{Krogmann10, 
author={K. Krogmann and M. Kuperberg and R. Reussner}, 
journal={IEEE Trans. Software Eng.}, 
title={Using Genetic Search for Reverse Engineering of Parametric Behavior Models for Performance Prediction}, 
year={2010}, 
month={Nov}, 
volume={36}, 
number={6}, 
pages={865-877}, 
}
 

@inproceedings{jia2013learning,
  title={Learning combinatorial interaction testing strategies using hyperheuristic search},
  author={Y. Jia and M. B. Cohen and M. Harman and J. Petke},
  booktitle={ICSE '15},
  year={2015}
  organization={IEEE}
}

@INPROCEEDINGS{Arcuri08, 
author={A. Arcuri and X. Yao}, 
booktitle={Evolutionary Computation, 2008. CEC 2008. (IEEE World Congress on Computational Intelligence). IEEE Congress on}, 
title={A novel co-evolutionary approach to automatic software bug fixing}, 
year={2008}, 
month={June}, 
pages={162-168}, 
keywords={formal specification;program debugging;program testing;sorting;automatic software bug fixing;buggy program;coevolutionary approach;formal specification;software engineering;software testing;sorting algorithm;Automatic programming;Automation;Computer bugs;Costs;Formal specifications;Genetic programming;Programming profession;Software debugging;Software performance;Software testing}, 
doi={10.1109/CEC.2008.4630793},}



@mastersthesis{papa13,
  author="V. Papakroni",
  title="Data Carving: Identifying and Removing Irrelevancies in the Data",
  school="Lane Department of Computer Science and Electrical Engineering, West Virginia Unviersity",
  year=2013
}


@inproceedings{rod12,
  title =	 "On Software Engineering Repositories and Their Open
                  Problems",
  author =	 "D. Rodriguez and I. Herraiz and R. Harrison",
  booktitle =	 "Proceedings RAISE'12",
  year =	 2012
}

@ONLINE{promise15,
  title = "The PROMISE Repository of empirical software engineering data",
  month = "Feb",
  year  = "2015",
  url  = "http://openscience.us/repo",
  author = "T. Menzies and
       C. Pape and 
       M. Rees-Jones
       "
}

@inproceedings{herzig2013predicting,
  title={Predicting defects using change genealogies},
  author={K. Herzig and S. Just and A. Rau and A. Zeller},
  booktitle={ISSRE '13},
  pages={118--127},
  year={2013},
  organization={IEEE}
}

@inproceedings{zimmermann2007predicting,
  title={Predicting defects for eclipse},
  author={T. Zimmermann and R. Premraj and A. Zeller},
  booktitle={ PROMISE'07},
  pages={9--9},
  year={2007},
  organization={IEEE}
}



@ARTICLE{me13a,
  author = {E. Kocaguneli and Tim Menzies and Jacky Keung and David Cok and
	Ray Madachy},
  title = {Active Learning and Effort Estimation: Finding the Essential Content
	of Software Effort Estimation Data},
  journal = {IEEE Trans. Software Eng.},
  year = {2013},
  volume = {39},
  pages = {1040-1053},
  number = {8},
}

@inproceedings{moser2008comparative,
  title={A comparative analysis of the efficiency of change metrics and static code attributes for defect prediction},
  author={R. Moser and W. Pedrycz and G. Succi},
  booktitle={ICSE '08},
  pages={181--190},
  year={2008},
  organization={IEEE}
}


@article{me02k,
  title =	 "More Success and Failure Factors in Software Reuse",
  author =	 "T. Menzies and J.S. Di Stefano",
  journal =	 "IEEE Trans. Software Eng.",
  year =	 2003,
  month =	 "May",
  note =	 "Available from
                  \url{http://menzies.us/pdf/02sereuse.pdf}",
  class =	 "hJ"
}


@article{hall11,
  author =	{T. Hall and S. Beecham and D. Bowes and
                  D. Gray and S. Counsell},
  title =	{A Systematic Review of Fault Prediction Performance
                  in Software Engineering},
  journal =	{IEEE Trans. Software Eng.},
  volume={38},
  number={6},
  pages={1276--1304},
  year={2012},
  publisher={IEEE}
}

@misc{turner06,
  author =	"J. Turner",
  title =	"A Predictive Approach to Eliminating Errors in
                  Software Code",
  year =	2006,
  note =	"Web page, Office of the NASA Chief Technologist,
                  \url{http://www.sti.nasa.gov/tto/Spinoff2006/ct_1.htm}"
}}


@article{fagan76,
  author =	"M. Fagan",
  title =	"Design and Code Inspections to Reduce Errors in
                  Program Development",
  journal =	"IBM Systems Journal",
  volume =	15,
  number =	3,
  year =	1976,
  page =	"182-211"
}
@inProceedings{shu02,
  author =	"F. Shull and V.R. Basili ad B. Boehm and A.W. Brown
                  and P. Costa and M. Lindvall and D. Port and I. Rus
                  and R. Tesoriero and M.V. Zelkowitz",
  title =	"What We Have Learned About Fighting Defects",
  booktitle =	"Proceedings of 8th International Software Metrics
                  Symposium, Ottawa, Canada",
  year =	2002,
  pages =	"249-258",
  note =	"Available from
                  \url{http://fc-md.umd.edu/fcmd/Papers/shull_defects.ps}"
}


@book{rakitin01,
  author =	"S.R. Rakitin",
  title =	"Software Verification and Validation for
                  Practitioners and Managers, Second Edition",
  publisher =	"Artech House",
  isbn =	"1-58053-296-9",
  year =	2001
}
@inproceedings{me02f,
  title =	"Model-based Tests of Truisms",
  author =	"T. Menzies and D. Raffo and S. Setamanit
                  and Y. Hu and S. Tootoonian",
  booktitle =	"ASE '02",
  year =	2002,
  note =	"Available from
                  \url{http://menzies.us/pdf/02truisms.pdf}",
  class =	"hC"
}


@InProceedings{lowrey98,
  Author =	"M. Lowry and M. Boyd and D. Kulkarni",
  Title =	"Towards a Theory for Integration of Mathematical
                  Verification and Empirical Testing",
  Booktitle =	"ASE '98",
  Year =	1998,
  Pages =	"322-331"
}

@inproceedings{nagappan05,
  title =	"Static Analysis Tools as Early Indicators of
                  Pre-Release Defect Density",
  author =	"N. Nagappan and T. Ball",
  year =	2005,
  booktitle =	"ICSE 2005"
}
 @inproceedings{me02e,
  title =	"Metrics that Matter",
  author =	"T. Menzies and J.S. DiStefeno and M. Chapman
                  and K. McGill",
  booktitle =	"27th NASA SEL workshop on Software Engineering",
  year =	2002,
  note =	"Available from
                  \url{http://menzies.us/pdf/02metrics.pdf}",
  class =	"hW"
}

@article{me02k,
  title =	"More Success and Failure Factors in Software Reuse",
  author =	"T. Menzies and J. D. Stefano",
  journal =	"IEEE Trans. Software Eng.",
  year =	2003,
  month =	"May",
  note =	"Available from
                  \url{http://menzies.us/pdf/02sereuse.pdf}",
  class =	"hJ"
}
@inproceedings{me03a,
  title =	"When Can We Test Less?",
  author =	"Tim Menzies and J. D. Stefano and K. Ammar and
                  K. McGill and P. Callis and R. Chapman and J. Davis",
  year =	2003,
  booktitle =	"IEEE Metrics'03",
  note =	"Available from
                  \url{http://menzies.us/pdf/03metrics.pdf}",
  class =	"hC"
}

@article{bell2013limited,
  title={The limited impact of individual developer data on software defect prediction},
  author={R. M. Bell and T. J. Ostrand and E. J.  Weyuker},
  journal={Empirical Software Engineering},
  volume={18},
  number={3},
  pages={478--505},
  year={2013},
  publisher={Springer}
}


@article{me06d,
  author =	"T. Menzies and Z. Chen and J. Hihn and
                  K. Lum",
  year =	2006,
  month =	"November",
  title =	"Selecting Best Practices for Effort Estimation",
  journal =	"IEEE Trans. Software Eng.",
  note =	"Available from
                  \url{http://menzies.us/pdf/06coseekmo.pdf}",
  class =	"hJ"
}

@inproceedings{tosun09,
  author =	"A. Tosun and A. Bener and B. Turhan",
  title =	"Practical Considerations of Deploying AI in Defect
                  Prediction: A Case Study within the {T}urkish
                  Telecommunication Industry",
  year =	2009,
  booktitle =	"PROMISE'09"
}

@article{minku13z,
 author = {L. L. Minku and X. Yao},
 title = {Software Effort Estimation As a Multiobjective Learning Problem},
 journal = {ACM Trans. Softw. Eng. Methodol.},
 issue_date = {October 2013},
 volume = {22},
 number = {4},
 month = oct,
 year = {2013},
 pages = {35:1--35:32},
 publisher = {ACM},
} 


@inproceedings{tosun10,
  year =	2010,
  author =	"A. Tosun and A. Bener and R. Kale",
  title =	"{AI}-Based Software Defect Predictors: Applications
                  and Benefits in a Case Study",
  booktitle =	"Twenty-Second IAAI Conference on Artificial
                  Intelligence"
}

@inproceedings{Minku13,
 author = {L. L. Minku and X. Yao},
 title = {An Analysis of Multi-objective Evolutionary Algorithms for Training Ensemble Models Based on Different Performance Measures in Software Effort Estimation},
 booktitle = {PROMISE '13},
 year = {2013},
 pages = {8:1--8:10},
 publisher = {ACM},

} 


@article{scikit-learn,
 title={Scikit-learn: Machine Learning in {P}ython},
 author={F. Pedregosa and G. Varoquaux and A. Gramfort and V. Michel
         and B. Thirion and O. Grisel and M. Blondel and P. Prettenhofer
         and R. Weiss and V. Dubourg and J. Vanderplas and A. Passos and
         D. Cournapeau and M. Brucher and M. Perrot and E. Duchesnay},
 journal={Journal of Machine Learning Research},
 volume={12},
 pages={2825--2830},
 year={2011}
}

@book{me15:book1,
  title="Sharing Data and Models in Software Engineering",
  author="T. Menzies and E. Kocaguneli and L. Minku and F. Peters and B. Turhan",
  publisher="Morgan Kaufmann",
  year=2015
  }
  
@book{li08:book,
 author = {M. Li and P. Vitnyi},
 title = {An Introduction to Kolmogorov Complexity and Its Applications},
 year = {2008}, 
 edition = {3},
 publisher = {Springer Publishing Company, Incorporated},
} 



@inproceedings{lewis13,
 author = {C. Lewis and Z. Lin and C. Sadowski and X. Zhu and R. Ou and E. J. Whitehead Jr},
 title = {Does Bug Prediction Support Human Developers? Findings from a Google Case Study},
 booktitle = {Proceedings of the 2013 International Conference on Software Engineering},
 series = {ICSE '13},
 year = {2013},
 isbn = {978-1-4673-3076-3},
 location = {San Francisco, CA, USA},
 pages = {372--381},
 numpages = {10},
 url = {http://dl.acm.org/citation.cfm?id=2486788.2486838},
 acmid = {2486838},
 publisher = {IEEE},
 address = {Piscataway, NJ, USA},
} 


@inproceedings{cora10,
  author =	 {A. Corazza and S. Di Martino and F. Ferrucci and
              C. Gravino and F. Sarro and E. Mendes},
  title =	 {How effective is Tabu search to configure support
                  vector regression for effort estimation?},
  booktitle = {PROMISE '10},
  year =	 2010,
  pages =	 {4:1--4:10},
}

@inproceedings{rahman14:icse,
  title="Comparing Static Bug Finders and Statistical Prediction",
  author="F.  Rahman and S.  Khatri and E. Barr and P. Devanbu",
  booktitle="ICSE '14",
  year=2014
  }


@article{me07b,
  author =	"T. Menzies and J. Greenwald and A. Frank",
  year =	2007,
  month =	"January",
  title =	"Data Mining Static Code Attributes to Learn Defect
                  Predictors",
  journal =	"IEEE Trans. Software Eng.",
  note =	"Available from
                  \url{http://menzies.us/pdf/06learnPredict.pdf}",
  class =	"hJ"
}


@article{lessmann2008benchmarking,
  title={Benchmarking classification models for software defect prediction: A proposed framework and novel findings},
  author={S. Lessmann and B. Baesens and C. Mues and S. Pietsch},
  journal={IEEE Trans. Software Eng.},
  volume={34},
  number={4},
  pages={485--496},
  year={2008},
  publisher={IEEE}
}


@inproceedings{fea02a,
  title =	"Converging on the Optimal Attainment of
                  Requirements",
  author =	"M. S. Feather and T. Menzies",
  booktitle =	"IEEE Joint Conference On Requirements Engineering
                  ICRE'02 and RE'02",
  year =	2002,
  note =	"Available from
                  \url{http://menzies.us/pdf/02re02.pdf}",
  class =	"hC"
}

@article{menzies2010defect,
  title={Defect prediction from static code features: current results, limitations, new approaches},
  author={T. Menzies and Z. Milton and B. Turhan and B. Cukic and Y. Jiang and A. Bener },
  journal={Automated Software Engineering},
  volume={17},
  number={4},
  pages={375--407},
  year={2010},
  publisher={Springer}
}

@inproceedings{jiang2008can,
  title={Can data transformation help in the detection of fault-prone modules?},
  author={Y. Jiang and B. Cukic and T. Menzies},
  booktitle={Proceedings of the 2008 workshop on Defects in large software systems},
  pages={16--20},
  year={2008},
  organization={ACM}
}

@article{Glover1986563,
Author = {F. Glover and C. McMillan},
Date-Added = {2014-10-03 05:01:38 +0000},
Date-Modified = {2014-10-03 05:01:38 +0000},
Issn = {0305-0548},
Journal = {Computers \& Operations Research},
Number = 5,
Pages = {563 - 573},
Title = {The general employee scheduling problem. An integration of MS and AI},
Volume = 13,
Year = 1986}



@inproceedings{andrews07,
  author =	"J.H. Andrews and F.C.H. Li and T. Menzies ",
  title =	"Nighthawk: A Two-Level Genetic-Random Unit Test Data
                  Generator ",
  booktitle =	"IEEE ASE'07",
  year =	2007,
  note =	"Available from
                  \url{http://menzies.us/pdf/07ase-nighthawk.pdf}",
  class =	"hC"
}

@article{andrews10,
  author =	{J. H. Andrews and T. Menzies and F. C. H. Li},
  title =	{Genetic Algorithms for Randomized Unit Testing},
  journal =	{IEEE Trans. Software Eng.},
  year =	2010,
  month =	"March",
  note =	"Available from
                  \url{http://menzies.us/pdf/10nighthawk.pdf}",
  class =	"hJ"
}





@article{menzies2013local,
  title={Local versus global lessons for defect prediction and effort estimation},
  author={T. Menzies and A. Butcher and D. Cok and A. Marcus and L. Layman and F. Shull and B. Turhan  and T. Zimmermann },
  journal={IEEE Trans. Software Eng.},
  volume={39},
  number={6},
  pages={822--834},
  year={2013},
  publisher={IEEE}
}

@article{song2011general,
  title={A general software defect-proneness prediction framework},
  author={Q. Song and Z. Jia and M. Shepperd  and S. Ying  and J. Liu},
  journal={IEEE Trans. Software Eng.},
  volume={37},
  number={3},
  pages={356--370},
  year={2011},
  publisher={IEEE}
}

@article{storn1997differential,
  title={Differential evolution--a simple and efficient heuristic for global optimization over continuous spaces},
  author={R. Storn  and K. Price},
  journal={Journal of global optimization},
  volume={11},
  number={4},
  pages={341--359},
  year={1997},
  publisher={Springer}
}


@book{saltelli00,
  title =	"Sensitivity Analysis",
  author =	"A. Saltelli and K. Chan and E.M. Scott",
  publisher =	"Wiley",
  year =	2000
}


@inproceedings{omran2005differential,
  title={Differential evolution methods for unsupervised image classification},
  author={M. Omran and A. P. Engelbrecht and A. Salman},
  booktitle={IEEE Congress on Evolutionary Computation '05},
  volume={2},
  pages={966--973},
  year={2005},
  organization={IEEE}
}


@inproceedings{goldberg79,
  author =	"A. Goldberg",
  year =	1979,
  title =	"On the complexity of the satisfiability problem",
  booktitle =	" Courant Computer Science conference, No. 16, New York
                  University, NY"
}


@inproceedings{chiha2012tuning,
  title={Tuning PID controller with multi-objective differential evolution},
  author={I. Chiha and J. Ghabi and N. Liouane},
  booktitle={ISCCSP '12},
  pages={1--4},
  year={2012},
  organization={IEEE}
}

@book{faloutsos1995fastmap,
  title={FastMap: A fast algorithm for indexing, data-mining and visualization of traditional and multimedia datasets},
  author={C. Faloutsos  and K. Lin},
  volume={24},
  number={2},
  year={1995},
  publisher={ACM}
}

@inproceedings{irani1993multi,
  title={Multi-interval discretization of continuous-valued attributes for classification learning},
  author={K. B. Irani},
  booktitle={Thirteenth International Joint Conference on Artificial Intelligence},
  pages = {1022--1027},
  year={1993}
}

@book{breiman84,
author = "L. Breiman and J. H. Friedman and R. A. Olshen and
C. J. Stone",
title = "Classification and Regression Trees",
institution = "Wadsworth International, Monterey, CA",
year = 1984,
annote = "cart algorithm"
}


@article{Beausoleil2006426,
  title =	"{MOSS}: multiobjective scatter search applied to
                  non-linear multiple criteria optimization",
  journal =	"European Journal of Operational Research",
  volume =	169,
  number =	2,
  pages =	"426 - 449",
  year =	2006,
  issn =	"0377-2217",
  author =	"R. P. Beausoleil",
  keywords =	"Multiple objectives",
  keywords =	"Metaheuristics",
  keywords =	"Tabu search",
  keywords =	"Scatter search",
  keywords =	"Nonlinear optimization"
}


@ARTICLE{Molina05sspmo:a,
  author =	{J. Molina and M. Laguna and R. Marti and
                  R. Caballero},
  title =	{SSPMO: A scatter tabu search procedure for
                  non-linear multiobjective optimization},
  journal =	{INFORMS Journal on Computing},
  year =	2005
}

 

@misc{brieman00,
  title= "Random Forests",
  author="L. Breiman and A. Cutler",
 year=2001,
 note="https://www.stat.berkeley.edu/~breiman/RandomForests"
}

@inproceedings{guo2004robust,
  title={Robust prediction of fault-proneness by random forests},
  author={Guo, Lan and Ma, Yan and Cukic, Bojan and Singh, Harshinder},
  booktitle={ISSRE '04},
  pages={417--428},
  year={2004},
  organization={IEEE}
}

@inproceedings{cora10,
Author = {A. Corazza and S. D. Martino and F. Ferrucci and C. Gravino and F. Sarro and E. Mendes},
Booktitle = {PROMISE '10},
Date-Added = {2014-10-03 05:01:38 +0000},
Date-Modified = {2014-10-03 05:01:38 +0000},
Pages = {4:1--4:10},

Title = {How effective is Tabu search to configure support vector regression for effort estimation?},
Year = 2010}


@article{parnas72,
 author = {D. L. Parnas},
 title = {On the Criteria to Be Used in Decomposing Systems into Modules},
 journal = {Commun. ACM},
 issue_date = {Dec. 1972},
 volume = {15},
 number = {12},
 month = dec,
 year = {1972},
 issn = {0001-0782},
 pages = {1053--1058},
 numpages = {6},
 url = {http://doi.acm.org/10.1145/361598.361623},
 doi = {10.1145/361598.361623},
 acmid = {361623},
 publisher = {ACM},
 address = {New York, NY, USA},
 keywords = {KWIC index, modularity, modules, software, software design, software engineering},
} 

@inproceedings{pan08,
  author =	"H. Pan and M. Zheng and X. Han",
  title =	"Particle Swarm-Simulated Annealing Fusion Algorithm
                  and its Application in Function Optimization",
  pages =	"78-81",
  year =	2008,
  booktitle =	"International Conference on Computer Science and
                  Software Engineering"
}

 
@inproceedings{Vesterstrom04,
author = {J. Vesterstrom and R. Thomsen},
title = {{A comparative study of differential evolution, particle swarm optimization, and evolutionary algorithms on numerical benchmark problems}},
booktitle = {IEEE Congress on Evolutionary Computation '04},
year = {2004},
doi = {10.1109/CEC.2004.1331139},
masid = {50366534}
}

 
@INPROCEEDINGS{5583335, 
author={W. Huang and H. Li}, 
booktitle={ICNC '10}, 
title={On the differential evolution schemes in MOEA/D}, 
year={2010}, 
month={Aug}, 
volume={6}, 
pages={2788-2792}, 
}

@ARTICLE{4455350,
  author =	 {A. J. Nebro and F. Luna and E. Alba and
                  B. Dorronsoro and J. J. Durillo and A. Beham },
  journal =	 {IEEE Trans Evol. Comp.},
  title =	 {AbYSS: Adapting Scatter Search to Multiobjective
                  Optimization},
  year =	 {Aug.},
  volume =	 12,
  number =	 4,
  pages =	 {439-457},
}

@article{khoshgoftaar1999logistic,
  title={Logistic regression modeling of software quality},
  author={T. M. Khoshgoftaar and E. B. Allen},
  journal={International Journal of Reliability, Quality and Safety Engineering},
  volume={6},
  number={04},
  pages={303--317},
  year={1999},
  publisher={World Scientific}
}

@article{zhang2007comments,
  title={Comments on ?Data mining static code attributes to learn defect predictors?},
  author={H. Zhang and X. Zhang},
  journal={IEEE Trans. Software Eng.},
  volume={33},
  number={9},
  pages={635},
  year={2007}
}


@inproceedings{rahman12,
   title="Recalling the 'Imprecision' of Cross-Project Defect Prediction",
   author="F. Rahman and  D. Posnett and P. Devanbu",
   year=2012,
   booktitle="FSE'12"
}   



@inProceedings{me09f,
title="Can We Build Software Faster and Better and Cheaper?",
author="T. Menzies and O. El-Rawas and J. Hihn and B. Boehm",
booktitle="PROMISE'09",
year=2009,
note="Available from \url{http://menzies.us/pdf/09bfc.pdf}",
class="hC"
}
@inproceedings{me09a,
author="T. Menzies and S. Williams and O. El-Rawas and B. Boehm and J. Hihn",
title="How to Avoid Drastic Software Process Change (using Stochastic Stability)",
year=2009,
booktitle="ICSE'09",
note="Available from \url{http://menzies.us/pdf/08drastic.pdf}",
        class="hC"
}
proceedings{DBLP:conf/gecco/2011,
  editor    = {N. Krasnogor and
               P. Lanzi},
  title     = {13th Annual Genetic and Evolutionary Computation Conference,
               GECCO 2011, Proceedings, Dublin, Ireland, July 12-16, 2011},
  booktitle = {GECCO },
  publisher = {ACM},
  year      = {2011},
  isbn      = {978-1-4503-0557-0},
  bibsource = {DBLP, http://dblp.uni-trier.de}
}


@inproceedings{me07f,
author="T. Menzies and O. El-Rawas and J. Hihn and M. Feather and
B. Boehm and R. Madachy",
title="The Business Case for Automated Software Engineerng",
booktitle = {ASE '07},
year = {2007},
pages = {303--312},
publisher = {ACM},
class="hC",
note="Available from \url{http://menzies.us/pdf/07casease-v0.pdf}"
}

@article{elrawas10,
title="A Second Look at Faster, Better, Cheaper",
author="O. El-Rawas and T. Menzies",
journal="Innovations Systems and Software Engineering",
year=2010,
volume="6",
        number="4", 
pages="319-335",
note="Available from \url{http://menzies.us/pdf/10bfc.pdf}",
    class="hJ"
}

@mastersthesis{elrawas08,
author="O. El-Rawas",
year=2008,
title="Software Process Control Without Calibration",
        school="Lane Department of Computer Science and Electrical Engineering, West Virginia University",
note="Available from \url{http://unbox.org/wisp/var/ous/thesis/thesis.pdf}"
}

@inproceedings{Green,
 author = {P. Green II and T. Menzies and S. Williams and O. El-Rawas},
 title = {Understanding the Value of Software Engineering Technologies},
 booktitle = {ASE '09},
 year = {2009},
 isbn = {978-0-7695-3891-4},
 pages = {52--61},
 numpages = {10},
 url = {http://dx.doi.org/10.1109/ASE.2009.93},
 doi = {10.1109/ASE.2009.93},
 acmid = {1747508},
 publisher = {IEEE},
} 

@article{anda09,
  author    = {B. Anda and
               D. I. K. Sj{\o}berg and
               A. Mockus},
  title     = {Variability and Reproducibility in Software Engineering:
               A Study of Four Companies that Developed the Same System},
  journal   = {IEEE Trans. Software Eng.},
  volume    = {35},
  number    = {3},
  year      = {2009},
  pages     = {407-429},
}

@article{huang06,
  author    = {L. Huang and
               B. W. Boehm},
  title     = {How Much Software Quality Investment Is Enough: A Value-Based
               Approach},
  journal   = {IEEE Software},
  volume    = {23},
  number    = {5},
  year      = {2006},
  pages     = {88-95},
}
@inproceedings{hindle12,
  author    = {A. Hindle},
  title     = {Green mining: Investigating power consumption across versions},
  booktitle = {ICSE '12},
  year      = {2012},
  pages     = {1301-1304},
  ee        = {http://dx.doi.org/10.1109/ICSE.2012.6227094},
  crossref  = {DBLP:conf/icse/2012},
  bibsource = {DBLP, http://dblp.uni-trier.de}
}
@inproceedings{yin11,
 author = {Z. Yin and D. Yuan and Y. Zhou and S. Pasupathy and L. Bairavasundaram},
 title = {How do fixes become bugs?},
 booktitle =  {ESEC/FSE '11},
 year = {2011},
 pages = {26--36},
} 

@inproceedings{ostrand04,
 author = {T. J. Ostrand and E. J. Weyuker and R. M. Bell},
 title = {Where the bugs are},
 booktitle = {ISSTA '04},
 year = {2004},
 pages = {86--96},
 publisher = {ACM},
 address = {New York, NY, USA},
}
@Article{hayes06,
  title =	"Advancing Candidate Link Generation for Requirements
Tracing: The Study of Methods",
  author =	"J. H. Hayes and A. Dekhtyar and S.
K. Sundaram",
  journal =	"IEEE Trans. Software Eng.",
  year = "2006",
  number =	"1",
  volume =	"32",
  bibdate =	"2006-08-22",
  bibsource =	"DBLP,
http://dblp.uni-trier.de/db/journals/tse/tse32.html#HayesDS06",
  pages =	"4--19",
  URL =  	"http://doi.ieeecomputersociety.org/10.1109/TSE.2006.3",
}


@article{kirkpatrick83,
  author =	"S. Kirkpatrick and C. D. Gelatt and M. P. Vecchi",
  title =	"Optimization by Simulated Annealing",
  journal =	"Science, Number 4598, 13 May 1983",
  volume =	"220, 4598",
  pages =	"671--680",
  year =	1983,
  url =	"citeseer.nj.nec.com/kirkpatrick83optimization.html"
}


% @article{scikit-learn,
%  title={Scikit-learn: Machine Learning in {P}ython},
%  author={Pedregosa, F. and Varoquaux, G. and Gramfort, A. and Michel, V.
%          and Thirion, B. and Grisel, O. and Blondel, M. and Prettenhofer, P.
%          and Weiss, R. and Dubourg, V. and Vanderplas, J. and Passos, A. and
%          Cournapeau, D. and Brucher, M. and Perrot, M. and Duchesnay, E.},
%  journal={Journal of Machine Learning Research},
%  volume={12},
%  pages={2825--2830},
%  year={2011}
% }

@article{mittas2013ranking,
  title={Ranking and clustering software cost estimation models through a multiple comparisons algorithm},
  author={N. Mittas and L. Angelis},
  journal={IEEE Trans. Software Eng.},
  volume={39},
  number={4},
  pages={537--551},
  year={2013},
  publisher={IEEE}
}


@inproceedings{arisholm06,
  author =	"E. Arisholm and L.  Briand",
  title =	"Predicting Fault-prone Components in a Java Legacy
                  System",
  booktitle =	" ISESE '06",
  year =	2006,
  note =	"Available from
                  \url{http://simula.no/research/engineering/publications/Arisholm.2006.4}"
}

@inproceedings{rahman2013how,
  title={How, and why, process metrics are better},
  author={F. Rahman and P. Devanbu},
  booktitle={ICSE '13},
  pages={432--441},
  year={2013},
  organization={IEEE Press}
}



@inproceedings{FayIra93Multi,
  author =	 {U. M. Fayyad and I. H. Irani},
  title =	 {Multi-interval Discretization of Continuous-valued
                  Attributes for Classification Learning},
  booktitle =	 {Proceedings of the Thirteenth International Joint
                  Conference on Artificial Intelligence},
  pages =	 {1022--1027},
  year =	 1993
}

% @article{Radjenovi?20131397,
% title = "Software fault prediction metrics: A systematic literature review ",
% journal = "Information and Software Technology ",
% volume = "55",
% number = "8",
% pages = "1397 - 1418",
% year = "2013",
% note = "",
% issn = "0950-5849",
% doi = "http://dx.doi.org/10.1016/j.infsof.2013.02.009",
% url = "http://www.sciencedirect.com/science/article/pii/S0950584913000426",
% author = "D. Radjenovi \'{c} and M. Heri?ko and R. Torkar and Ale ivkovi?",
% keywords = "Software metric",
% keywords = "Software fault prediction",
% keywords = "Systematic literature review "
% }


